<?xml version="1.0" encoding="UTF-8"?><collection xmlns="http://www.loc.gov/MARC21/slim"><record><leader>00470nam--2200169-i-4500</leader><controlfield tag="001">000015816</controlfield><controlfield tag="002">20161230</controlfield><controlfield tag="005">20170115222309</controlfield><controlfield tag="008">060222s1000------------r-----000-0-eng-d</controlfield><datafield ind1=" " ind2=" " tag="080"><subfield code="a">681.3</subfield></datafield><datafield ind1=" " ind2=" " tag="100"><subfield code="a">Cahill, S. J</subfield></datafield><datafield ind1=" " ind2=" " tag="245"><subfield code="a">Digital and microprocessor engineering</subfield></datafield><datafield ind1=" " ind2=" " tag="260"><subfield code="a">Chichester</subfield><subfield code="b">Ellis Horwod Limited</subfield><subfield code="c">1982</subfield></datafield><datafield ind1=" " ind2=" " tag="300"><subfield code="a">513 p</subfield></datafield><datafield ind1=" " ind2=" " tag="490"><subfield code="a">Ellis Horwood Series In Electrical And Electronic Engineering</subfield></datafield><datafield ind1=" " ind2=" " tag="852"><subfield code="a">73903</subfield></datafield><datafield ind1=" " ind2=" " tag="CAT"><subfield code="a">SYS</subfield><subfield code="c">20170115</subfield><subfield code="h">222309</subfield></datafield></record></collection>